@article{smith,
  title={Peter Smith. An introduction to G{\"o}del's theorems. Cambridge Introductions to Philosophy, Cambridge University Press, 2007, xiv+ 362 pp.},
  author={Avron, Arnon},
  journal={Bulletin of Symbolic Logic},
  volume={15},
  number={2},
  pages={218--222},
  year={2009},
  publisher={Cambridge University Press}
}